<?xml version="1.0" encoding="UTF-8"?><record xmlns="http://www.loc.gov/MARC21/slim" xmlns:cinclude="http://apache.org/cocoon/include/1.0" xmlns:zs="http://www.loc.gov/zing/srw/">
  <leader>00468cz  a2200145n  4500</leader>
  <controlfield tag="001">n  93089790 </controlfield>
  <controlfield tag="003">DLC</controlfield>
  <controlfield tag="005">19980810135459.2</controlfield>
  <controlfield tag="008">930914n| acannaab|          |a aaa |||  </controlfield>
  <datafield tag="010" ind1=" " ind2=" ">
    <subfield code="a">n  93089790 </subfield>
  </datafield>
  <datafield tag="040" ind1=" " ind2=" ">
    <subfield code="a">DLC</subfield>
    <subfield code="c">DLC</subfield>
    <subfield code="d">DLC</subfield>
  </datafield>
  <datafield tag="100" ind1="1" ind2="0">
    <subfield code="a">Berkel, Rik van</subfield>
  </datafield>
  <datafield tag="400" ind1="1" ind2="0">
    <subfield code="a">Van Berkel, Rik</subfield>
  </datafield>
  <datafield tag="670" ind1=" " ind2=" ">
    <subfield code="a">Ouderen en uitkeringsgerechtigden in beweging, 1992:</subfield>
    <subfield code="b">t.p. (Rik van Berkel)</subfield>
  </datafield>
  <datafield tag="670" ind1=" " ind2=" ">
    <subfield code="a">Beyond marginality? c1998:</subfield>
    <subfield code="b">t.p. (Rik van Berkel) British CIP (Berkel, Rik van, 1959- )</subfield>
  </datafield>
</record>